%YAML 1.1
%TAG !u! tag:unity3d.com,2011:
--- !u!1 &865398346476886793
GameObject:
  m_ObjectHideFlags: 0
  m_CorrespondingSourceObject: {fileID: 0}
  m_PrefabInstance: {fileID: 0}
  m_PrefabAsset: {fileID: 0}
  serializedVersion: 6
  m_Component:
  - component: {fileID: 865398346476886794}
  m_Layer: 0
  m_Name: Interruptes Long Street
  m_TagString: Untagged
  m_Icon: {fileID: 0}
  m_NavMeshLayer: 0
  m_StaticEditorFlags: 0
  m_IsActive: 1
--- !u!4 &865398346476886794
Transform:
  m_ObjectHideFlags: 0
  m_CorrespondingSourceObject: {fileID: 0}
  m_PrefabInstance: {fileID: 0}
  m_PrefabAsset: {fileID: 0}
  m_GameObject: {fileID: 865398346476886793}
  m_LocalRotation: {x: 0, y: 1, z: 0, w: 0}
  m_LocalPosition: {x: 2, y: -0, z: -4.5}
  m_LocalScale: {x: 1, y: 1, z: 1}
  m_Children:
  - {fileID: 865398346891828516}
  - {fileID: 3871368030970985847}
  - {fileID: 1336282850788878159}
  - {fileID: 4769908146144910743}
  - {fileID: 2315187104051562563}
  - {fileID: 4863476491843098885}
  - {fileID: 3483251579206068880}
  - {fileID: 4461696046045223156}
  m_Father: {fileID: 0}
  m_RootOrder: 0
  m_LocalEulerAnglesHint: {x: 0, y: 180, z: 0}
--- !u!1001 &245233281491845143
PrefabInstance:
  m_ObjectHideFlags: 0
  serializedVersion: 2
  m_Modification:
    m_TransformParent: {fileID: 865398346476886794}
    m_Modifications:
    - target: {fileID: 1109501141246172467, guid: 85d6c72143ab89848b9969e0cecfd02c,
        type: 3}
      propertyPath: m_LocalPosition.x
      value: -2
      objectReference: {fileID: 0}
    - target: {fileID: 1109501141246172467, guid: 85d6c72143ab89848b9969e0cecfd02c,
        type: 3}
      propertyPath: m_LocalPosition.y
      value: 0
      objectReference: {fileID: 0}
    - target: {fileID: 1109501141246172467, guid: 85d6c72143ab89848b9969e0cecfd02c,
        type: 3}
      propertyPath: m_LocalPosition.z
      value: 0
      objectReference: {fileID: 0}
    - target: {fileID: 1109501141246172467, guid: 85d6c72143ab89848b9969e0cecfd02c,
        type: 3}
      propertyPath: m_LocalRotation.x
      value: -0
      objectReference: {fileID: 0}
    - target: {fileID: 1109501141246172467, guid: 85d6c72143ab89848b9969e0cecfd02c,
        type: 3}
      propertyPath: m_LocalRotation.y
      value: -0
      objectReference: {fileID: 0}
    - target: {fileID: 1109501141246172467, guid: 85d6c72143ab89848b9969e0cecfd02c,
        type: 3}
      propertyPath: m_LocalRotation.z
      value: -0
      objectReference: {fileID: 0}
    - target: {fileID: 1109501141246172467, guid: 85d6c72143ab89848b9969e0cecfd02c,
        type: 3}
      propertyPath: m_LocalRotation.w
      value: 1
      objectReference: {fileID: 0}
    - target: {fileID: 1109501141246172467, guid: 85d6c72143ab89848b9969e0cecfd02c,
        type: 3}
      propertyPath: m_RootOrder
      value: 0
      objectReference: {fileID: 0}
    - target: {fileID: 1109501141246172467, guid: 85d6c72143ab89848b9969e0cecfd02c,
        type: 3}
      propertyPath: m_LocalEulerAnglesHint.x
      value: 0
      objectReference: {fileID: 0}
    - target: {fileID: 1109501141246172467, guid: 85d6c72143ab89848b9969e0cecfd02c,
        type: 3}
      propertyPath: m_LocalEulerAnglesHint.y
      value: 0
      objectReference: {fileID: 0}
    - target: {fileID: 1109501141246172467, guid: 85d6c72143ab89848b9969e0cecfd02c,
        type: 3}
      propertyPath: m_LocalEulerAnglesHint.z
      value: 0
      objectReference: {fileID: 0}
    - target: {fileID: 4307180120437270110, guid: 85d6c72143ab89848b9969e0cecfd02c,
        type: 3}
      propertyPath: m_Name
      value: Street_I_Section_Alpha (2)
      objectReference: {fileID: 0}
    m_RemovedComponents: []
  m_SourcePrefab: {fileID: 100100000, guid: 85d6c72143ab89848b9969e0cecfd02c, type: 3}
--- !u!4 &865398346891828516 stripped
Transform:
  m_CorrespondingSourceObject: {fileID: 1109501141246172467, guid: 85d6c72143ab89848b9969e0cecfd02c,
    type: 3}
  m_PrefabInstance: {fileID: 245233281491845143}
  m_PrefabAsset: {fileID: 0}
--- !u!1001 &2156893563142142588
PrefabInstance:
  m_ObjectHideFlags: 0
  serializedVersion: 2
  m_Modification:
    m_TransformParent: {fileID: 865398346476886794}
    m_Modifications:
    - target: {fileID: 1109501141246172467, guid: 85d6c72143ab89848b9969e0cecfd02c,
        type: 3}
      propertyPath: m_LocalPosition.x
      value: -10
      objectReference: {fileID: 0}
    - target: {fileID: 1109501141246172467, guid: 85d6c72143ab89848b9969e0cecfd02c,
        type: 3}
      propertyPath: m_LocalPosition.y
      value: 0
      objectReference: {fileID: 0}
    - target: {fileID: 1109501141246172467, guid: 85d6c72143ab89848b9969e0cecfd02c,
        type: 3}
      propertyPath: m_LocalPosition.z
      value: 0
      objectReference: {fileID: 0}
    - target: {fileID: 1109501141246172467, guid: 85d6c72143ab89848b9969e0cecfd02c,
        type: 3}
      propertyPath: m_LocalRotation.x
      value: -0
      objectReference: {fileID: 0}
    - target: {fileID: 1109501141246172467, guid: 85d6c72143ab89848b9969e0cecfd02c,
        type: 3}
      propertyPath: m_LocalRotation.y
      value: -0
      objectReference: {fileID: 0}
    - target: {fileID: 1109501141246172467, guid: 85d6c72143ab89848b9969e0cecfd02c,
        type: 3}
      propertyPath: m_LocalRotation.z
      value: -0
      objectReference: {fileID: 0}
    - target: {fileID: 1109501141246172467, guid: 85d6c72143ab89848b9969e0cecfd02c,
        type: 3}
      propertyPath: m_LocalRotation.w
      value: 1
      objectReference: {fileID: 0}
    - target: {fileID: 1109501141246172467, guid: 85d6c72143ab89848b9969e0cecfd02c,
        type: 3}
      propertyPath: m_RootOrder
      value: 2
      objectReference: {fileID: 0}
    - target: {fileID: 1109501141246172467, guid: 85d6c72143ab89848b9969e0cecfd02c,
        type: 3}
      propertyPath: m_LocalEulerAnglesHint.x
      value: 0
      objectReference: {fileID: 0}
    - target: {fileID: 1109501141246172467, guid: 85d6c72143ab89848b9969e0cecfd02c,
        type: 3}
      propertyPath: m_LocalEulerAnglesHint.y
      value: 0
      objectReference: {fileID: 0}
    - target: {fileID: 1109501141246172467, guid: 85d6c72143ab89848b9969e0cecfd02c,
        type: 3}
      propertyPath: m_LocalEulerAnglesHint.z
      value: 0
      objectReference: {fileID: 0}
    - target: {fileID: 4307180120437270110, guid: 85d6c72143ab89848b9969e0cecfd02c,
        type: 3}
      propertyPath: m_Name
      value: Street_I_Section_Alpha (4)
      objectReference: {fileID: 0}
    m_RemovedComponents: []
  m_SourcePrefab: {fileID: 100100000, guid: 85d6c72143ab89848b9969e0cecfd02c, type: 3}
--- !u!4 &1336282850788878159 stripped
Transform:
  m_CorrespondingSourceObject: {fileID: 1109501141246172467, guid: 85d6c72143ab89848b9969e0cecfd02c,
    type: 3}
  m_PrefabInstance: {fileID: 2156893563142142588}
  m_PrefabAsset: {fileID: 0}
--- !u!1001 &3406004513932399984
PrefabInstance:
  m_ObjectHideFlags: 0
  serializedVersion: 2
  m_Modification:
    m_TransformParent: {fileID: 865398346476886794}
    m_Modifications:
    - target: {fileID: 1109501141246172467, guid: 85d6c72143ab89848b9969e0cecfd02c,
        type: 3}
      propertyPath: m_LocalPosition.x
      value: -22
      objectReference: {fileID: 0}
    - target: {fileID: 1109501141246172467, guid: 85d6c72143ab89848b9969e0cecfd02c,
        type: 3}
      propertyPath: m_LocalPosition.y
      value: 0
      objectReference: {fileID: 0}
    - target: {fileID: 1109501141246172467, guid: 85d6c72143ab89848b9969e0cecfd02c,
        type: 3}
      propertyPath: m_LocalPosition.z
      value: 0
      objectReference: {fileID: 0}
    - target: {fileID: 1109501141246172467, guid: 85d6c72143ab89848b9969e0cecfd02c,
        type: 3}
      propertyPath: m_LocalRotation.x
      value: -0
      objectReference: {fileID: 0}
    - target: {fileID: 1109501141246172467, guid: 85d6c72143ab89848b9969e0cecfd02c,
        type: 3}
      propertyPath: m_LocalRotation.y
      value: -0
      objectReference: {fileID: 0}
    - target: {fileID: 1109501141246172467, guid: 85d6c72143ab89848b9969e0cecfd02c,
        type: 3}
      propertyPath: m_LocalRotation.z
      value: -0
      objectReference: {fileID: 0}
    - target: {fileID: 1109501141246172467, guid: 85d6c72143ab89848b9969e0cecfd02c,
        type: 3}
      propertyPath: m_LocalRotation.w
      value: 1
      objectReference: {fileID: 0}
    - target: {fileID: 1109501141246172467, guid: 85d6c72143ab89848b9969e0cecfd02c,
        type: 3}
      propertyPath: m_RootOrder
      value: 4
      objectReference: {fileID: 0}
    - target: {fileID: 1109501141246172467, guid: 85d6c72143ab89848b9969e0cecfd02c,
        type: 3}
      propertyPath: m_LocalEulerAnglesHint.x
      value: 0
      objectReference: {fileID: 0}
    - target: {fileID: 1109501141246172467, guid: 85d6c72143ab89848b9969e0cecfd02c,
        type: 3}
      propertyPath: m_LocalEulerAnglesHint.y
      value: 0
      objectReference: {fileID: 0}
    - target: {fileID: 1109501141246172467, guid: 85d6c72143ab89848b9969e0cecfd02c,
        type: 3}
      propertyPath: m_LocalEulerAnglesHint.z
      value: 0
      objectReference: {fileID: 0}
    - target: {fileID: 1109501141246172467, guid: 85d6c72143ab89848b9969e0cecfd02c,
        type: 3}
      propertyPath: m_LocalScale.x
      value: 1
      objectReference: {fileID: 0}
    - target: {fileID: 4307180120437270110, guid: 85d6c72143ab89848b9969e0cecfd02c,
        type: 3}
      propertyPath: m_Name
      value: Street_I_Section_Alpha (7)
      objectReference: {fileID: 0}
    m_RemovedComponents: []
  m_SourcePrefab: {fileID: 100100000, guid: 85d6c72143ab89848b9969e0cecfd02c, type: 3}
--- !u!4 &2315187104051562563 stripped
Transform:
  m_CorrespondingSourceObject: {fileID: 1109501141246172467, guid: 85d6c72143ab89848b9969e0cecfd02c,
    type: 3}
  m_PrefabInstance: {fileID: 3406004513932399984}
  m_PrefabAsset: {fileID: 0}
--- !u!1001 &3643022334179411399
PrefabInstance:
  m_ObjectHideFlags: 0
  serializedVersion: 2
  m_Modification:
    m_TransformParent: {fileID: 865398346476886794}
    m_Modifications:
    - target: {fileID: 1109501141246172467, guid: 85d6c72143ab89848b9969e0cecfd02c,
        type: 3}
      propertyPath: m_LocalPosition.x
      value: -38
      objectReference: {fileID: 0}
    - target: {fileID: 1109501141246172467, guid: 85d6c72143ab89848b9969e0cecfd02c,
        type: 3}
      propertyPath: m_LocalPosition.y
      value: 0
      objectReference: {fileID: 0}
    - target: {fileID: 1109501141246172467, guid: 85d6c72143ab89848b9969e0cecfd02c,
        type: 3}
      propertyPath: m_LocalPosition.z
      value: 0
      objectReference: {fileID: 0}
    - target: {fileID: 1109501141246172467, guid: 85d6c72143ab89848b9969e0cecfd02c,
        type: 3}
      propertyPath: m_LocalRotation.x
      value: -0
      objectReference: {fileID: 0}
    - target: {fileID: 1109501141246172467, guid: 85d6c72143ab89848b9969e0cecfd02c,
        type: 3}
      propertyPath: m_LocalRotation.y
      value: -0
      objectReference: {fileID: 0}
    - target: {fileID: 1109501141246172467, guid: 85d6c72143ab89848b9969e0cecfd02c,
        type: 3}
      propertyPath: m_LocalRotation.z
      value: -0
      objectReference: {fileID: 0}
    - target: {fileID: 1109501141246172467, guid: 85d6c72143ab89848b9969e0cecfd02c,
        type: 3}
      propertyPath: m_LocalRotation.w
      value: 1
      objectReference: {fileID: 0}
    - target: {fileID: 1109501141246172467, guid: 85d6c72143ab89848b9969e0cecfd02c,
        type: 3}
      propertyPath: m_RootOrder
      value: 7
      objectReference: {fileID: 0}
    - target: {fileID: 1109501141246172467, guid: 85d6c72143ab89848b9969e0cecfd02c,
        type: 3}
      propertyPath: m_LocalEulerAnglesHint.x
      value: 0
      objectReference: {fileID: 0}
    - target: {fileID: 1109501141246172467, guid: 85d6c72143ab89848b9969e0cecfd02c,
        type: 3}
      propertyPath: m_LocalEulerAnglesHint.y
      value: 0
      objectReference: {fileID: 0}
    - target: {fileID: 1109501141246172467, guid: 85d6c72143ab89848b9969e0cecfd02c,
        type: 3}
      propertyPath: m_LocalEulerAnglesHint.z
      value: 0
      objectReference: {fileID: 0}
    - target: {fileID: 1109501141246172467, guid: 85d6c72143ab89848b9969e0cecfd02c,
        type: 3}
      propertyPath: m_LocalScale.x
      value: 1.0252001
      objectReference: {fileID: 0}
    - target: {fileID: 1109501141246172467, guid: 85d6c72143ab89848b9969e0cecfd02c,
        type: 3}
      propertyPath: m_LocalScale.y
      value: 1
      objectReference: {fileID: 0}
    - target: {fileID: 1109501141246172467, guid: 85d6c72143ab89848b9969e0cecfd02c,
        type: 3}
      propertyPath: m_LocalScale.z
      value: 1
      objectReference: {fileID: 0}
    - target: {fileID: 4307180120437270110, guid: 85d6c72143ab89848b9969e0cecfd02c,
        type: 3}
      propertyPath: m_Name
      value: Street_I_Section_Alpha (11)
      objectReference: {fileID: 0}
    m_RemovedComponents: []
  m_SourcePrefab: {fileID: 100100000, guid: 85d6c72143ab89848b9969e0cecfd02c, type: 3}
--- !u!4 &4461696046045223156 stripped
Transform:
  m_CorrespondingSourceObject: {fileID: 1109501141246172467, guid: 85d6c72143ab89848b9969e0cecfd02c,
    type: 3}
  m_PrefabInstance: {fileID: 3643022334179411399}
  m_PrefabAsset: {fileID: 0}
--- !u!1001 &4241372557888610372
PrefabInstance:
  m_ObjectHideFlags: 0
  serializedVersion: 2
  m_Modification:
    m_TransformParent: {fileID: 865398346476886794}
    m_Modifications:
    - target: {fileID: 1109501141246172467, guid: 85d6c72143ab89848b9969e0cecfd02c,
        type: 3}
      propertyPath: m_LocalPosition.x
      value: -6
      objectReference: {fileID: 0}
    - target: {fileID: 1109501141246172467, guid: 85d6c72143ab89848b9969e0cecfd02c,
        type: 3}
      propertyPath: m_LocalPosition.y
      value: 0
      objectReference: {fileID: 0}
    - target: {fileID: 1109501141246172467, guid: 85d6c72143ab89848b9969e0cecfd02c,
        type: 3}
      propertyPath: m_LocalPosition.z
      value: 0
      objectReference: {fileID: 0}
    - target: {fileID: 1109501141246172467, guid: 85d6c72143ab89848b9969e0cecfd02c,
        type: 3}
      propertyPath: m_LocalRotation.x
      value: -0
      objectReference: {fileID: 0}
    - target: {fileID: 1109501141246172467, guid: 85d6c72143ab89848b9969e0cecfd02c,
        type: 3}
      propertyPath: m_LocalRotation.y
      value: -0
      objectReference: {fileID: 0}
    - target: {fileID: 1109501141246172467, guid: 85d6c72143ab89848b9969e0cecfd02c,
        type: 3}
      propertyPath: m_LocalRotation.z
      value: -0
      objectReference: {fileID: 0}
    - target: {fileID: 1109501141246172467, guid: 85d6c72143ab89848b9969e0cecfd02c,
        type: 3}
      propertyPath: m_LocalRotation.w
      value: 1
      objectReference: {fileID: 0}
    - target: {fileID: 1109501141246172467, guid: 85d6c72143ab89848b9969e0cecfd02c,
        type: 3}
      propertyPath: m_RootOrder
      value: 1
      objectReference: {fileID: 0}
    - target: {fileID: 1109501141246172467, guid: 85d6c72143ab89848b9969e0cecfd02c,
        type: 3}
      propertyPath: m_LocalEulerAnglesHint.x
      value: 0
      objectReference: {fileID: 0}
    - target: {fileID: 1109501141246172467, guid: 85d6c72143ab89848b9969e0cecfd02c,
        type: 3}
      propertyPath: m_LocalEulerAnglesHint.y
      value: 0
      objectReference: {fileID: 0}
    - target: {fileID: 1109501141246172467, guid: 85d6c72143ab89848b9969e0cecfd02c,
        type: 3}
      propertyPath: m_LocalEulerAnglesHint.z
      value: 0
      objectReference: {fileID: 0}
    - target: {fileID: 1109501141246172467, guid: 85d6c72143ab89848b9969e0cecfd02c,
        type: 3}
      propertyPath: m_LocalScale.x
      value: 1
      objectReference: {fileID: 0}
    - target: {fileID: 4307180120437270110, guid: 85d6c72143ab89848b9969e0cecfd02c,
        type: 3}
      propertyPath: m_Name
      value: Street_I_Section_Alpha (3)
      objectReference: {fileID: 0}
    m_RemovedComponents: []
  m_SourcePrefab: {fileID: 100100000, guid: 85d6c72143ab89848b9969e0cecfd02c, type: 3}
--- !u!4 &3871368030970985847 stripped
Transform:
  m_CorrespondingSourceObject: {fileID: 1109501141246172467, guid: 85d6c72143ab89848b9969e0cecfd02c,
    type: 3}
  m_PrefabInstance: {fileID: 4241372557888610372}
  m_PrefabAsset: {fileID: 0}
--- !u!1001 &4554058088176105379
PrefabInstance:
  m_ObjectHideFlags: 0
  serializedVersion: 2
  m_Modification:
    m_TransformParent: {fileID: 865398346476886794}
    m_Modifications:
    - target: {fileID: 1109501141246172467, guid: 85d6c72143ab89848b9969e0cecfd02c,
        type: 3}
      propertyPath: m_LocalPosition.x
      value: -34
      objectReference: {fileID: 0}
    - target: {fileID: 1109501141246172467, guid: 85d6c72143ab89848b9969e0cecfd02c,
        type: 3}
      propertyPath: m_LocalPosition.y
      value: 0
      objectReference: {fileID: 0}
    - target: {fileID: 1109501141246172467, guid: 85d6c72143ab89848b9969e0cecfd02c,
        type: 3}
      propertyPath: m_LocalPosition.z
      value: 0
      objectReference: {fileID: 0}
    - target: {fileID: 1109501141246172467, guid: 85d6c72143ab89848b9969e0cecfd02c,
        type: 3}
      propertyPath: m_LocalRotation.x
      value: -0
      objectReference: {fileID: 0}
    - target: {fileID: 1109501141246172467, guid: 85d6c72143ab89848b9969e0cecfd02c,
        type: 3}
      propertyPath: m_LocalRotation.y
      value: -0
      objectReference: {fileID: 0}
    - target: {fileID: 1109501141246172467, guid: 85d6c72143ab89848b9969e0cecfd02c,
        type: 3}
      propertyPath: m_LocalRotation.z
      value: -0
      objectReference: {fileID: 0}
    - target: {fileID: 1109501141246172467, guid: 85d6c72143ab89848b9969e0cecfd02c,
        type: 3}
      propertyPath: m_LocalRotation.w
      value: 1
      objectReference: {fileID: 0}
    - target: {fileID: 1109501141246172467, guid: 85d6c72143ab89848b9969e0cecfd02c,
        type: 3}
      propertyPath: m_RootOrder
      value: 6
      objectReference: {fileID: 0}
    - target: {fileID: 1109501141246172467, guid: 85d6c72143ab89848b9969e0cecfd02c,
        type: 3}
      propertyPath: m_LocalEulerAnglesHint.x
      value: 0
      objectReference: {fileID: 0}
    - target: {fileID: 1109501141246172467, guid: 85d6c72143ab89848b9969e0cecfd02c,
        type: 3}
      propertyPath: m_LocalEulerAnglesHint.y
      value: 0
      objectReference: {fileID: 0}
    - target: {fileID: 1109501141246172467, guid: 85d6c72143ab89848b9969e0cecfd02c,
        type: 3}
      propertyPath: m_LocalEulerAnglesHint.z
      value: 0
      objectReference: {fileID: 0}
    - target: {fileID: 1109501141246172467, guid: 85d6c72143ab89848b9969e0cecfd02c,
        type: 3}
      propertyPath: m_LocalScale.x
      value: 1.0252001
      objectReference: {fileID: 0}
    - target: {fileID: 1109501141246172467, guid: 85d6c72143ab89848b9969e0cecfd02c,
        type: 3}
      propertyPath: m_LocalScale.y
      value: 1
      objectReference: {fileID: 0}
    - target: {fileID: 1109501141246172467, guid: 85d6c72143ab89848b9969e0cecfd02c,
        type: 3}
      propertyPath: m_LocalScale.z
      value: 1
      objectReference: {fileID: 0}
    - target: {fileID: 4307180120437270110, guid: 85d6c72143ab89848b9969e0cecfd02c,
        type: 3}
      propertyPath: m_Name
      value: Street_I_Section_Alpha (10)
      objectReference: {fileID: 0}
    m_RemovedComponents: []
  m_SourcePrefab: {fileID: 100100000, guid: 85d6c72143ab89848b9969e0cecfd02c, type: 3}
--- !u!4 &3483251579206068880 stripped
Transform:
  m_CorrespondingSourceObject: {fileID: 1109501141246172467, guid: 85d6c72143ab89848b9969e0cecfd02c,
    type: 3}
  m_PrefabInstance: {fileID: 4554058088176105379}
  m_PrefabAsset: {fileID: 0}
--- !u!1001 &5484037930330293302
PrefabInstance:
  m_ObjectHideFlags: 0
  serializedVersion: 2
  m_Modification:
    m_TransformParent: {fileID: 865398346476886794}
    m_Modifications:
    - target: {fileID: 1109501141246172467, guid: 85d6c72143ab89848b9969e0cecfd02c,
        type: 3}
      propertyPath: m_LocalPosition.x
      value: -26
      objectReference: {fileID: 0}
    - target: {fileID: 1109501141246172467, guid: 85d6c72143ab89848b9969e0cecfd02c,
        type: 3}
      propertyPath: m_LocalPosition.y
      value: 0
      objectReference: {fileID: 0}
    - target: {fileID: 1109501141246172467, guid: 85d6c72143ab89848b9969e0cecfd02c,
        type: 3}
      propertyPath: m_LocalPosition.z
      value: 0
      objectReference: {fileID: 0}
    - target: {fileID: 1109501141246172467, guid: 85d6c72143ab89848b9969e0cecfd02c,
        type: 3}
      propertyPath: m_LocalRotation.x
      value: -0
      objectReference: {fileID: 0}
    - target: {fileID: 1109501141246172467, guid: 85d6c72143ab89848b9969e0cecfd02c,
        type: 3}
      propertyPath: m_LocalRotation.y
      value: -0
      objectReference: {fileID: 0}
    - target: {fileID: 1109501141246172467, guid: 85d6c72143ab89848b9969e0cecfd02c,
        type: 3}
      propertyPath: m_LocalRotation.z
      value: -0
      objectReference: {fileID: 0}
    - target: {fileID: 1109501141246172467, guid: 85d6c72143ab89848b9969e0cecfd02c,
        type: 3}
      propertyPath: m_LocalRotation.w
      value: 1
      objectReference: {fileID: 0}
    - target: {fileID: 1109501141246172467, guid: 85d6c72143ab89848b9969e0cecfd02c,
        type: 3}
      propertyPath: m_RootOrder
      value: 5
      objectReference: {fileID: 0}
    - target: {fileID: 1109501141246172467, guid: 85d6c72143ab89848b9969e0cecfd02c,
        type: 3}
      propertyPath: m_LocalEulerAnglesHint.x
      value: 0
      objectReference: {fileID: 0}
    - target: {fileID: 1109501141246172467, guid: 85d6c72143ab89848b9969e0cecfd02c,
        type: 3}
      propertyPath: m_LocalEulerAnglesHint.y
      value: 0
      objectReference: {fileID: 0}
    - target: {fileID: 1109501141246172467, guid: 85d6c72143ab89848b9969e0cecfd02c,
        type: 3}
      propertyPath: m_LocalEulerAnglesHint.z
      value: 0
      objectReference: {fileID: 0}
    - target: {fileID: 1109501141246172467, guid: 85d6c72143ab89848b9969e0cecfd02c,
        type: 3}
      propertyPath: m_LocalScale.x
      value: 1.0252001
      objectReference: {fileID: 0}
    - target: {fileID: 1109501141246172467, guid: 85d6c72143ab89848b9969e0cecfd02c,
        type: 3}
      propertyPath: m_LocalScale.y
      value: 1
      objectReference: {fileID: 0}
    - target: {fileID: 1109501141246172467, guid: 85d6c72143ab89848b9969e0cecfd02c,
        type: 3}
      propertyPath: m_LocalScale.z
      value: 1
      objectReference: {fileID: 0}
    - target: {fileID: 4307180120437270110, guid: 85d6c72143ab89848b9969e0cecfd02c,
        type: 3}
      propertyPath: m_Name
      value: Street_I_Section_Alpha (8)
      objectReference: {fileID: 0}
    m_RemovedComponents: []
  m_SourcePrefab: {fileID: 100100000, guid: 85d6c72143ab89848b9969e0cecfd02c, type: 3}
--- !u!4 &4863476491843098885 stripped
Transform:
  m_CorrespondingSourceObject: {fileID: 1109501141246172467, guid: 85d6c72143ab89848b9969e0cecfd02c,
    type: 3}
  m_PrefabInstance: {fileID: 5484037930330293302}
  m_PrefabAsset: {fileID: 0}
--- !u!1001 &5573102589499392164
PrefabInstance:
  m_ObjectHideFlags: 0
  serializedVersion: 2
  m_Modification:
    m_TransformParent: {fileID: 865398346476886794}
    m_Modifications:
    - target: {fileID: 1109501141246172467, guid: 85d6c72143ab89848b9969e0cecfd02c,
        type: 3}
      propertyPath: m_LocalPosition.x
      value: -18
      objectReference: {fileID: 0}
    - target: {fileID: 1109501141246172467, guid: 85d6c72143ab89848b9969e0cecfd02c,
        type: 3}
      propertyPath: m_LocalPosition.y
      value: 0
      objectReference: {fileID: 0}
    - target: {fileID: 1109501141246172467, guid: 85d6c72143ab89848b9969e0cecfd02c,
        type: 3}
      propertyPath: m_LocalPosition.z
      value: 0
      objectReference: {fileID: 0}
    - target: {fileID: 1109501141246172467, guid: 85d6c72143ab89848b9969e0cecfd02c,
        type: 3}
      propertyPath: m_LocalRotation.x
      value: -0
      objectReference: {fileID: 0}
    - target: {fileID: 1109501141246172467, guid: 85d6c72143ab89848b9969e0cecfd02c,
        type: 3}
      propertyPath: m_LocalRotation.y
      value: -0
      objectReference: {fileID: 0}
    - target: {fileID: 1109501141246172467, guid: 85d6c72143ab89848b9969e0cecfd02c,
        type: 3}
      propertyPath: m_LocalRotation.z
      value: -0
      objectReference: {fileID: 0}
    - target: {fileID: 1109501141246172467, guid: 85d6c72143ab89848b9969e0cecfd02c,
        type: 3}
      propertyPath: m_LocalRotation.w
      value: 1
      objectReference: {fileID: 0}
    - target: {fileID: 1109501141246172467, guid: 85d6c72143ab89848b9969e0cecfd02c,
        type: 3}
      propertyPath: m_RootOrder
      value: 3
      objectReference: {fileID: 0}
    - target: {fileID: 1109501141246172467, guid: 85d6c72143ab89848b9969e0cecfd02c,
        type: 3}
      propertyPath: m_LocalEulerAnglesHint.x
      value: 0
      objectReference: {fileID: 0}
    - target: {fileID: 1109501141246172467, guid: 85d6c72143ab89848b9969e0cecfd02c,
        type: 3}
      propertyPath: m_LocalEulerAnglesHint.y
      value: 0
      objectReference: {fileID: 0}
    - target: {fileID: 1109501141246172467, guid: 85d6c72143ab89848b9969e0cecfd02c,
        type: 3}
      propertyPath: m_LocalEulerAnglesHint.z
      value: 0
      objectReference: {fileID: 0}
    - target: {fileID: 4307180120437270110, guid: 85d6c72143ab89848b9969e0cecfd02c,
        type: 3}
      propertyPath: m_Name
      value: Street_I_Section_Alpha (6)
      objectReference: {fileID: 0}
    m_RemovedComponents: []
  m_SourcePrefab: {fileID: 100100000, guid: 85d6c72143ab89848b9969e0cecfd02c, type: 3}
--- !u!4 &4769908146144910743 stripped
Transform:
  m_CorrespondingSourceObject: {fileID: 1109501141246172467, guid: 85d6c72143ab89848b9969e0cecfd02c,
    type: 3}
  m_PrefabInstance: {fileID: 5573102589499392164}
  m_PrefabAsset: {fileID: 0}
